@book{blumenhagen2009introduction,
  title={Introduction to conformal field theory: with applications to string theory},
  author={Blumenhagen, Ralph and Plauschinn, Erik},
  volume={779},
  year={2009},
  publisher={Springer Science \& Business Media}
}